<?xml version="1.0" encoding="UTF-8"?><record xmlns="http://www.loc.gov/MARC21/slim" xmlns:cinclude="http://apache.org/cocoon/include/1.0" xmlns:zs="http://www.loc.gov/zing/srw/">
  <leader>00401nz  a2200121n  4500</leader>
  <controlfield tag="001">n 2002012258</controlfield>
  <controlfield tag="003">DLC</controlfield>
  <controlfield tag="005">20020506130932.0</controlfield>
  <controlfield tag="008">020506n| acannaabn          |n aaa      </controlfield>
  <datafield tag="010" ind1=" " ind2=" ">
    <subfield code="a">n 2002012258</subfield>
  </datafield>
  <datafield tag="040" ind1=" " ind2=" ">
    <subfield code="a">DLC</subfield>
    <subfield code="b">eng</subfield>
    <subfield code="c">DLC</subfield>
  </datafield>
  <datafield tag="100" ind1="1" ind2=" ">
    <subfield code="a">Crane, Bennie L.,</subfield>
    <subfield code="d">1935-</subfield>
  </datafield>
  <datafield tag="670" ind1=" " ind2=" ">
    <subfield code="a">Crane, Bennie L. Fire officer empowerment, 2002:</subfield>
    <subfield code="b">CIP t.p. (Bennie L. Crane) data sht. (b. July 16, 1935) pref. (District Chief (ret.))</subfield>
  </datafield>
</record>